%% LaTeX2e file `equiv_analysis.bib'
%% generated by the `filecontents' environment
%% from source `equiv_analysis' on 2025/05/26.
%%
@misc{Dua:2019,
    author = "Dua, Dheeru and Graff, Casey",
    year = "2017",
    title = "{UCI} Machine Learning Repository",
    url = "http://archive.ics.uci.edu/ml",
    institution = "University of California, Irvine, School of Information and Computer Sciences"
}
@article{torres2016,
    title={Classificador por arestas de suporte (CLAS): m{\'e}todos de aprendizado baseados em Grafos de Gabriel},
    author={Torres, Luiz ACB},
    journal={Manuscript (PhD thesis)},
    year={2016},
    publisher={Universidade Federal de Minas Gerais}
}
@inproceedings{souza2019,
    author={Souza, A. C. and Leite Castro, C. and Garcia, J. A. and Torres, L. C. B. and Acevedo Jaimes, L. J. and Jaimes, B. R. A.},
    booktitle={2019 XXII Symposium on Image, Signal Processing and Artificial Vision (STSIVA)},
    title={Improving the Efficiency of Gabriel Graph-based Classifiers for Hardware-optimized Implementations},
    year={2019},
    pages={1-5},
    doi={10.1109/STSIVA.2019.8730242}
}
@article{arias2021,
    author={Arias-Garcia, J. and Torres, L. C. B. and Castrillon-Franco, M. A. and Osorio, G. and Castellanos-Dominguez, G.},
    journal={IEEE Transactions on Industrial Informatics},
    title={Enhancing Performance of Gabriel Graph-Based Classifiers by a Hardware Co-Processor for Embedded System Applications},
    year={2021},
    volume={17},
    number={2},
    pages={1265-1275},
    doi={10.1109/TII.2020.2989285}
}
@article{arias2024,
    author={Arias-Garcia, J. and Torres, L. C. B. and Campo-Mu{\~n}oz, D. and Castrill{\'o}n-Franco, M. A. and Castellanos-Dominguez, G.},
    journal={IEEE Transactions on Neural Networks and Learning Systems},
    title={Improved Design for Hardware Implementation of Graph-Based Large Margin Classifiers for Embedded Edge Computing},
    year={2024},
    volume={35},
    number={1},
    pages={1075-1089},
    doi={10.1109/TNNLS.2022.3200655}
}
@inproceedings{torres2015,
    author={Torres, L. C. B. and Castro, C. L. and Braga, A. P.},
    booktitle={2015 International Joint Conference on Neural Networks (IJCNN)},
    title={A parameterless mixture model for large margin classification},
    year={2015},
    pages={1-8},
    doi={10.1109/IJCNN.2015.7280648}
}
@article{torres2021,
    author={Torres, L. C. B. and Castro, C. L. and Coelho, F. and Braga, A. P.},
    journal={IEEE Transactions on Neural Networks and Learning Systems},
    title={Large Margin Gaussian Mixture Classifier With a Gabriel Graph Geometric Representation of Data Set Structure},
    year={2021},
    volume={32},
    number={3},
    pages={1000-1012},
    doi={10.1109/TNNLS.2020.2986013}
}
@techreport{torres2015b,
    author={Torres, L. C. B. and Castro, C. L. and Coelho, F. and Sill Torres, F. and Braga, A. P.},
    title={Distance-based large margin classifier suitable for integrated circuit implementation},
    institution={Universidade Federal de Minas Gerais, Manuscript},
    year={2015}
}
